@article{agenda:2030,
author = {{Universidade Federal de Santa Maria}},
year = {2019},
title = {Plataforma AGENDA 2030},
journal = {Disponível em: <http://www.agenda2030.com.br/ods/11/>. Acesso em 18 de agosto de 2021}
}

@article{lauret:2016,
author = {Lautert, Alice and Gravina, Felipe and Coutinho, Letícia and Picetti, Mauricio and Gabbi Polli, Paula and Alberton, Josicler and Pippi, Luis},
year = {2016},
month = {Julho},
pages = {73},
title = {Pista multiuso da {UFSM}: do projeto à materialização},
journal = {Paisagem e Ambiente},
doi = {10.11606/issn.2359-5361.v0i37p73-100}
}


@article{oliveira:2020,
author = {Oliveira, Aline and Lima, Echilly and Preissler, Anna and Franz, Cristiane and Pippi, Luis and Dorneles, Vanessa},
year = {2020},
month = {Abril},
pages = {},
title = {ANáLISE DE INTERAção COM O USUáRIO DA PISTA MULTIUSO DA {Universidade Federal de Santa Maria}},
volume = {4},
journal = {PIXO - Revista de Arquitetura, Cidade e Contemporaneidade},
doi = {10.15210/pixo.v4i12.17688}
}


@article{ibge:2019,
author = {{INSTITUTO BRASILEIRO DE GEOGRAFIA E ESTATÍSTICA}},
year = {2019},
title = {Pessoas com deficiência: adaptando espaços e atitudes},
journal = {Disponível em: <https://agenciadenoticias.ibge.gov.br/agencia-noticias/2012-agencia-de-noticias/noticias/16794-pessoas-com-deficiencia-adaptando-espacos-e-atitudes>. Acesso em 06 de maio de 2021}
}

@article{cambruzzi:2013,
author = {Cambruzzi, Rita de Cássia Silveira and
Costa, Maria da Piedade Resende da and
Denari, Fátima Elisabeth},
year = {2013},
pages = {351-366},
month = {Junho},
issn={1984-686X},
title = {Acessibilidade de um cadeirante em uma instituição pública do ensino superior: rotas e rotinas},
journal = {Revista Educação Especial, Santa Maria},
NOTE={\textit{{D}isponível em: <https://periodicos.ufsm.br/educacaoespecial/article/view/4386>. Acesso em: 06 de maio de 2021. doi:http://dx.doi.org/10.5902/ 1984686X4386}}
}

@misc{termosgoogle:2020,
  author = {{Google LLC}},
  title = {Termos de Utilização Adicionais do Google Maps/Google Earth},
  year = 2020,
  url = {https://www.google.com/intl/pt_BR/help/terms_maps/},
  urldate = {2021-07-07}
}

@Inbook{Hugentobler2008,
author="Hugentobler, Marco",
editor="Shekhar, Shashi
and Xiong, Hui",
title="Quantum GIS",
bookTitle="Encyclopedia of GIS",
year="2008",
publisher="Springer US",
address="Boston, MA",
pages="935--939",
isbn="978-0-387-35973-1",
doi="10.1007/978-0-387-35973-1_1064",
url="https://doi.org/10.1007/978-0-387-35973-1_1064"
}


@book{
camara:sig,
title="Introdução à Ciência da Geoinformação",
author="C{\^a}mara, Gilberto and Davis, Clodoveu and Monteiro, Antônio Miguel Vieira",
publisher="INPE",
year="2001",
address="São José dos Campos, Brasil"
}

@book{
fitz:2010,
title="Cartografia Básica",
author="Fitz, Paulo Roberto",
publisher="Oficina de Textos",
year="2008",
address="São Paulo, Brasil"
}

@misc{quadro,
  author = {Quadro, Fernando},
  title = {Geoserver - Blog do Fernando Quadro},
  year = 2021,
  url = {https://www.fernandoquadro.com.br/html/geoserver/},
  urldate = {2021-08-20}
}

@book{
obe,
title="PostGIS in Action",
author="Obe, Regina O. and Hsu, Leo S.",
publisher="Manning",
year="2011",
address="Stamford, Connecticut, USA"
}

@book{
valmir,
title="Uso de inteligência coletiva para mapeamento de caminhos acessíveis na cidade",
author="Marques, Valmir Luiz",
year="2018",
publisher={Dissertação (Mestrado em Computação Aplicada) - Universidade Tecnológica Federal do Paraná},
address="Curitiba, Brasil",
pages={153}
}

@misc{
postgre,
author="PostgreSQL",
title = "PostgreSQL: Documentation: 13: 1. What is PostgreSQL",
year=2021,
url_date= {2021-08-29},
url = "https://www.postgresql.org/docs/current/intro-whatis.html"
}

@misc{
brasil,
author="Brasil",
title="DECRETO Nº 5.296 DE 2 DE DEZEMBRO DE 2004.",
year=2004,
url_date={2021-08-29},
url="https://www.planalto.gov.br/ccivil_03/_Ato2004-2006/2004/Decreto/D5296.htm",
address="Brasília, Brasil",
publisher="Diário Oficial da União"
}